@unpublished{rabin:hal-00505966,
  TITLE = {{Artefact-free color and contrast modification}},
  AUTHOR = {Rabin, Julien and Delon, Julie and Gousseau, Yann},
  URL = {https://hal.archives-ouvertes.fr/hal-00505966},
  NOTE = {working paper or preprint},
  YEAR = {2010},
  MONTH = Jul,
  KEYWORDS = {artefact-free ; contrast modification ; color transfer ; contrast adjustment ; contrast equalization ; histogram specification ; optimal transportation ; image regularization ; artefact-free.},
  PDF = {https://hal.archives-ouvertes.fr/hal-00505966/file/Rabin_Delon_Gousseau_Artefact-free_color_modification_HAL2.pdf},
  HAL_ID = {hal-00505966},
  HAL_VERSION = {v2},
}